@book{kernighan1974elements,
  title={The elements of programming style},
  author={Kernighan, Brian W and Plauger, Phillip James},
  journal={New York: McGraw-Hill, 1974, 2nd ed.},
  year={1974}
}

@book{newham2005learning,
  title={Learning the bash shell: Unix shell programming},
  author={Newham, Cameron and Rosenblatt, Bill},
  year={2005},
  publisher={" O'Reilly Media, Inc."}
}

@book{robbins2016bash,
  title={Bash Pocket Reference: Help for Power Users and Sys Admins},
  author={Robbins, Arnold},
  year={2016},
  publisher={" O'Reilly Media, Inc."}
}

@book{gilli1965binary,
  title={Binary arithmetic and Boolean algebra},
  author={Gilli, Angelo Christopher},
  year={1965},
  publisher={McGraw-Hill}
}

@ARTICLE{4610935,
author={},
journal={{IEEE} Std 754-2008},
title={{IEEE Standard for Floating-Point Arithmetic}},
year={2008},
volume={},
number={},
pages={1-70},
keywords={floating point arithmetic;IEEE standards;programming;IEEE standard;decimal floating-point arithmetic;computer programming;arithmetic formats;754-2008;arithmetic;binary;computer;decimal;exponent;floating-point;format;interchange;NaN;number;rounding;significand;subnormal},
doi={10.1109/IEEESTD.2008.4610935},
ISSN={},
month={Aug},}

@article{goldberg1991every,
  title={What every computer scientist should know about floating-point arithmetic},
  author={Goldberg, David},
  journal={ACM Computing Surveys (CSUR)},
  volume={23},
  number={1},
  pages={5--48},
  year={1991},
  publisher={ACM}
}

@book{andrew2000accelerated,
  title={Accelerated C++: practical programming by example},
  author={Andrew, Koenig},
  year={2000},
  publisher={Pearson Education India}
}

@book{stroustrup2014programming,
  title={Programming: principles and practice using C++},
  author={Stroustrup, Bjarne},
  year={2014},
  publisher={Pearson Education}
}

@article{matsumoto1998mersenne,
  title={Mersenne twister: a 623-dimensionally equidistributed uniform pseudo-random number generator},
  author={Matsumoto, Makoto and Nishimura, Takuji},
  journal={ACM Transactions on Modeling and Computer Simulation (TOMACS)},
  volume={8},
  number={1},
  pages={3--30},
  year={1998},
  publisher={ACM New York, NY, USA}
}

@book{o2017mastering,
  title={Mastering the C++ 17 STL: Make full use of the standard library components in C++ 17},
  author={O'dwyer, Arthur},
  year={2017},
  publisher={Packt Publishing Ltd}
}

@book{stepanov1995standard,
  title={The standard template library},
  author={Stepanov, Alexander and Lee, Meng},
  volume={1501},
  year={1995},
  publisher={Hewlett Packard Laboratories 1501 Page Mill Road, Palo Alto, CA 94304}
}

@book{shonkwiler2009explorations,
  title={Explorations in Monte Carlo Methods},
  author={Shonkwiler, Ronald W and Mendivil, Franklin},
  year={2009},
  publisher={Springer Science \& Business Media}
}

@article{kroese2014monte,
  title={Why the Monte Carlo method is so important today},
  author={Kroese, Dirk P and Brereton, Tim and Taimre, Thomas and Botev, Zdravko I},
  journal={Wiley Interdisciplinary Reviews: Computational Statistics},
  volume={6},
  number={6},
  pages={386--392},
  year={2014},
  publisher={Wiley Online Library}
}

@book{michalewicz2013genetic,
  title={Genetic algorithms+ data structures= evolution programs},
  author={Michalewicz, Zbigniew},
  year={2013},
  publisher={Springer Science \& Business Media}
}

@book{knuth1997art,
  title={The art of computer programming: Fundamental Algorithms },
  author={Knuth, Donald Ervin},
  volume={1},
  year={1968},
  publisher={Pearson Education}
}

@book{josuttis2012c++,
  title={The C++ standard library: a tutorial and reference},
  author={Josuttis, Nicolai M},
  year={2012},
  publisher={Addison-Wesley}
}

@book{josuttis2003c++,
  title={C++ Templates: The Complete Guide},
  author={Josuttis, Nicolai M},
  year={2003},
  publisher={Addison-Wesley Professional}
}

@article{doi:10.1137/110830125,
author = {Iglberger, K. and Hager, G. and Treibig, J. and Rüde, U.},
title = {Expression Templates Revisited: A Performance Analysis of Current Methodologies},
journal = {SIAM Journal on Scientific Computing},
volume = {34},
number = {2},
pages = {C42-C69},
year = {2012},
doi = {10.1137/110830125},

URL = { 
        https://doi.org/10.1137/110830125
    
},
eprint = { 
        https://doi.org/10.1137/110830125
    
}

}

@INPROCEEDINGS{6266939, 
author={K. {Iglberger} and G. {Hager} and J. {Treibig} and U. {Rüde}}, 
booktitle={2012 International Conference on High Performance Computing Simulation (HPCS)}, 
title={High performance smart expression template math libraries}, 
year={2012}, 
volume={}, 
number={}, 
pages={367-373}, 
keywords={C++ language;libraries;linear algebra;mathematics computing;simulation;software maintenance;software packages;user interfaces;smart expression template;linear algebra libraries;numerical packages;simulation packages;large scale simulation;software maintenance;software modification;software framework;C++ expression templates;intuitive user interface;HPC-grade performance;C++ math libraries;Libraries;Vectors;Kernel;Benchmark testing;Optimization;Standards;Syntactics}, 
doi={10.1109/HPCSim.2012.6266939}, 
ISSN={}, 
month={July},}